@article{Luenberger1971AnObservers,
    title = {{An Introduction to Observers}},
    year = {1971},
    journal = {IEEE Transactions on Automatic Control},
    author = {Luenberger, David G.},
    number = {6},
    month = {12},
    pages = {596--602},
    volume = {AC-16}
}

@misc{Chen2016Disturbance-Observer-BasedOverview,
    title = {{Disturbance-Observer-Based Control and Related Methods - An Overview}},
    year = {2016},
    booktitle = {IEEE Transactions on Industrial Electronics},
    author = {Chen, Wen Hua and Yang, Jun and Guo, Lei and Li, Shihua},
    number = {2},
    month = {2},
    pages = {1083--1095},
    volume = {63},
    publisher = {Institute of Electrical and Electronics Engineers Inc.},
    doi = {10.1109/TIE.2015.2478397},
    issn = {02780046},
    keywords = {Disturbances, estimation, linear systems, motion control, nonlinear systems, robustness, uncertainties}
}

@article{Liu2019GeneralDesign,
    title = {{General Theory of Skyhook Control and its Application to Semi-Active Suspension Control Strategy Design}},
    year = {2019},
    journal = {IEEE Access},
    author = {Liu, Changning and Chen, Long and Yang, Xiaofeng and Zhang, Xiaoliang and Yang, Yi},
    pages = {101552--101560},
    volume = {7},
    publisher = {Institute of Electrical and Electronics Engineers Inc.},
    doi = {10.1109/ACCESS.2019.2930567},
    issn = {21693536},
    keywords = {Semi-active suspension, controllable inerter, mechanical impedance, skyhook control}
}

@techreport{AntonioFrezzattoSantosBeloHorizonte2022ItaloDias,
    title = {{Italo Jos{\'{e}} Dias}},
    year = {2022},
    author = {Antonio Frezzatto Santos Belo Horizonte, Luciano}
}

@phdthesis{Dias2022ItaloDias,
    title = {{Italo Jos{\'{e}} Dias}},
    year = {2022},
    author = {Dias, Italo José},
    school = {Universidade Federal de Minas Gerais – UFMG},
    address = {Belo Horizonte}
}

@techreport{MarceloTusset2008MINISTERIOPor,
    title = {{MINIST{\'{E}}RIO DA EDUCA{\c{C}}{\~{A}}O E CULTURA UNIVERSIDADE FEDERAL DO RIO GRANDE DO SUL PROGRAMA DE P{\'{O}}S-GRADUA{\c{C}}{\~{A}}O EM ENGENHARIA MEC{\^{A}}NICA CONTROLE {\'{O}}TIMO APLICADO EM MODELO DE SUSPENS{\~{A}}O VEICULAR N{\~{A}}O-LINEAR CONTROLADA ATRAV{\'{E}}S DE AMORTECEDOR MAGNETO-REOL{\'{O}}GICO por}},
    year = {2008},
    author = {Marcelo Tusset, Ângelo},
    institution = {Universidade Federal do Rio Grande do Sul. Escola de Engenharia. Programa de P{\'{o}}s-Gradua{\c{c}}{\~{a}}o em Engenharia Mec{\^{a}}nica.}
}

@techreport{SilvaSinteseEstados,
    title = {{S{\'{i}}ntese de Observadores Constantes para Sistemas Discretos com Par{\^{a}}metros Variantes no Tempo Sujeitos a Entradas Desconhecidas e sua Aplica{\c{c}}{\~{a}}o no Projeto de Controladores por Realimenta{\c{c}}{\~{a}}o de Estados}},
    author = {Silva, Rafael Nascimento}
}

@techreport{Elia2001StabilizationInformation,
    title = {{Stabilization of Linear Systems With Limited Information}},
    year = {2001},
    booktitle = {IEEE TRANSACTIONS ON AUTOMATIC CONTROL},
    author = {Elia, Nicola and Mitter, Sanjoy K},
    number = {9},
    volume = {46},
    isbn = {00189286/01{\$}10.0}
}

@techreport{Emerenciano2017UNIVERSIDADEMAGNETO-REOLOGICO,
    title = {{UNIVERSIDADE TECNOL{\'{O}}GICA FEDERAL DO PARAN{\'{A}} DIRETORIA DE PESQUISA E P{\'{O}}S-GRADUA{\c{C}}{\~{A}}O PROGRAMA DE P{\'{O}}S-GRADUA{\c{C}}{\~{A}}O EM ENGENHARIA EL{\'{E}}TRICA MESTRADO EM ENGENHARIA EL{\'{E}}TRICA CONTROLES SEMIATIVOS E OBSERVADOR DE ESTADOS N{\~{A}}O LINEAR APLICADOS EM SUSPENS{\~{A}}O VEICULAR COM AMORTECEDOR MAGNETO-REOL{\'{O}}GICO}},
    year = {2017},
    author = {Emerenciano, Fernando and De Oliveira, Nunes},
    institution = {UNIVERSIDADE TECNOL{\'{O}}GICA FEDERAL DO PARAN{\'{A}}},
    address = {Ponta Grossa}
}